@article{deneubourg1990self,
  title={The self-organizing exploratory pattern of the argentine ant},
  author={Deneubourg, J-L and Aron, Serge and Goss, Simon and Pasteels, Jacques Marie},
  journal={Journal of insect behavior},
  volume={3},
  number={2},
  pages={159--168},
  year={1990},
  publisher={Springer}
}

@article{dorigo1996ant,
  title={Ant system: optimization by a colony of cooperating agents},
  author={Dorigo, Marco and Maniezzo, Vittorio and Colorni, Alberto},
  journal={Systems, Man, and Cybernetics, Part B: Cybernetics, IEEE Transactions on},
  volume={26},
  number={1},
  pages={29--41},
  year={1996},
  publisher={IEEE}
}

@article{lopez2010beam,
  title={Beam-ACO for the travelling salesman problem with time windows},
  author={L{\'o}pez-Ib{\'a}{\~n}ez, Manuel and Blum, Christian},
  journal={Computers \& operations research},
  volume={37},
  number={9},
  pages={1570--1583},
  year={2010},
  publisher={Elsevier}
}

@article{dorigo2006artificial,
  title={Artificial ants as a computational intelligence technique},
  author={Dorigo, Marco and Birattari, Mauro and Stutzle, Thomas},
  journal={IEEE computational intelligence magazine},
  pages={265--276},
  year={2006}
}

@article{stutzle2000max,
  title={MAX--MIN ant system},
  author={St{\"u}tzle, Thomas and Hoos, Holger H},
  journal={Future Generation Computer Systems},
  volume={16},
  number={8},
  pages={889--914},
  year={2000},
  publisher={North-Holland}
}

@article{cheng2007modified,
  title={A modified ant colony system for solving the travelling salesman problem with time windows},
  author={Cheng, Chi-Bin and Mao, Chun-Pin},
  journal={Mathematical and Computer Modelling},
  volume={46},
  number={9},
  pages={1225--1235},
  year={2007},
  publisher={Elsevier}
}

@inproceedings{gambardella1999macs,
  title={Macs-vrptw: A multiple colony system for vehicle routing problems with time windows},
  author={Gambardella, Luca Maria and Taillard, {\'E}ric and Agazzi, Giovanni},
  booktitle={New ideas in optimization},
  year={1999},
  organization={Citeseer}
}

@article{ohlmann2007compressed,
  title={A compressed-annealing heuristic for the traveling salesman problem with time windows},
  author={Ohlmann, Jeffrey W and Thomas, Barrett W},
  journal={INFORMS Journal on Computing},
  volume={19},
  number={1},
  pages={80--90},
  year={2007},
  publisher={INFORMS}
}

@article{kirkpatrick1983optimization,
  title={Optimization by simulated annealing},
  author={Kirkpatrick, Scott and Jr., D. Gelatt and Vecchi, Mario P},
  journal={science},
  volume={220},
  number={4598},
  pages={671--680},
  year={1983},
  publisher={Washington}
}
